<?xml version="1.0" encoding="UTF-8"?><record xmlns="http://www.loc.gov/MARC21/slim" xmlns:cinclude="http://apache.org/cocoon/include/1.0" xmlns:zs="http://www.loc.gov/zing/srw/">
  <leader>00667nz  a2200157n  4500</leader>
  <controlfield tag="001">no2012076760</controlfield>
  <controlfield tag="003">DLC</controlfield>
  <controlfield tag="005">20120606075001.0</controlfield>
  <controlfield tag="008">120604n| acannaabn          |a aaa     c</controlfield>
  <datafield tag="010" ind1=" " ind2=" ">
    <subfield code="a">no2012076760</subfield>
  </datafield>
  <datafield tag="035" ind1=" " ind2=" ">
    <subfield code="a">(OCoLC)oca09216496</subfield>
  </datafield>
  <datafield tag="040" ind1=" " ind2=" ">
    <subfield code="a">InU</subfield>
    <subfield code="b">eng</subfield>
    <subfield code="c">InU</subfield>
  </datafield>
  <datafield tag="100" ind1="1" ind2=" ">
    <subfield code="a">Śarmā, Raghunātha,</subfield>
    <subfield code="d">1901-1989.</subfield>
    <subfield code="t">Śrīkr̥ṣṇastava</subfield>
  </datafield>
  <datafield tag="400" ind1="1" ind2=" ">
    <subfield code="a">Śarmā, Raghunātha,</subfield>
    <subfield code="d">1901-1989.</subfield>
    <subfield code="t">"Padmaśrī"-Paṇḍitaśrīraghunāthaśarmapraṇītaḥ Śrīkr̥ṣṇastavaḥ</subfield>
  </datafield>
  <datafield tag="400" ind1="1" ind2=" ">
    <subfield code="a">Śarmā, Raghunātha,</subfield>
    <subfield code="d">1901-1989.</subfield>
    <subfield code="t">Śrīkr̥ṣṇastavaḥ</subfield>
  </datafield>
  <datafield tag="670" ind1=" " ind2=" ">
    <subfield code="a">"Padmaśrī"-Paṇḍitaśrīraghunāthaśarmapraṇītaḥ Śrīkr̥ṣṇastavaḥ, 2010.</subfield>
  </datafield>
</record>